@inproceedings{Crescenzi,
	doi = {10.1109/ccc.1997.612321},
	url = {https://doi.org/10.1109%2Fccc.1997.612321},
	publisher = {{IEEE} Comput. Soc},
	author = {P. Crescenzi},
	title = {A short guide to approximation preserving reductions},
	booktitle = {Proceedings of Computational Complexity. Twelfth Annual {IEEE} Conference}
}

@article{Bazgan_2005,
	doi = {10.1016/j.tcs.2005.03.007},
	url = {https://doi.org/10.1016%2Fj.tcs.2005.03.007},
	year = 2005,
	month = {jun},
	publisher = {Elsevier {BV}},
	volume = {339},
	number = {2-3},
	pages = {272--292},
	author = {Cristina Bazgan and Bruno Escoffier and Vangelis Th. Paschos},
	title = {Completeness in standard and differential approximation classes: Poly-(D){APX}- and (D){PTAS}-completeness},
	journal = {Theoretical Computer Science}
}

@article{Halld_rsson_1997,
	doi = {10.1007/bf02523693},
	url = {https://doi.org/10.1007%2Fbf02523693},
	year = 1997,
	month = {may},
	publisher = {Springer Science and Business Media {LLC}},
	volume = {18},
	number = {1},
	pages = {145--163},
	author = {M. M. Halld{\'{o}}rsson and J. Radhakrishnan},
	title = {Greed is good: Approximating independent sets in sparse and bounded-degree graphs},
	journal = {Algorithmica}
}

@article{1997,
	doi = {10.1145/261342.571216},
	url = {https://doi.org/10.1145%2F261342.571216},
	year = 1997,
	month = {jun},
	publisher = {Association for Computing Machinery ({ACM})},
	volume = {28},
	number = {2},
	pages = {40--52},
	editor = {Dorit S. Hochba},
	title = {Approximation Algorithms for {NP}-Hard Problems},
	journal = {{ACM} {SIGACT} News}
}

@book{cormen2009introduction,
  title={Introduction to algorithms},
  author={Cormen, Thomas H and Leiserson, Charles E and Rivest, Ronald L and Stein, Clifford},
  year={2009},
  publisher={MIT press}
}

@article{Tarjan_1972,
	doi = {10.1137/0201010},
	url = {https://doi.org/10.1137%2F0201010},
	year = 1972,
	month = {jun},
	publisher = {Society for Industrial {\&} Applied Mathematics ({SIAM})},
	volume = {1},
	number = {2},
	pages = {146--160},
	author = {Robert Tarjan},
	title = {Depth-First Search and Linear Graph Algorithms},
	journal = {{SIAM} Journal on Computing}
}

@article{Sharir_1981,
	doi = {10.1016/0898-1221(81)90008-0},
	url = {https://doi.org/10.1016%2F0898-1221%2881%2990008-0},
	year = 1981,
	publisher = {Elsevier {BV}},
	volume = {7},
	number = {1},
	pages = {67--72},
	author = {M. Sharir},
	title = {A strong-connectivity algorithm and its applications in data flow analysis},
	journal = {Computers {\&} Mathematics with Applications}
}

@article{garey1979computers,
  title={Computers and intractability},
  author={Garey, Michael R and Johnson, David S},
  journal={A Guide to the},
  year={1979}
}

@book{papadimitriou1998combinatorial,
  title={Combinatorial optimization: algorithms and complexity},
  author={Papadimitriou, Christos H and Steiglitz, Kenneth},
  year={1998},
  publisher={Courier Corporation}
}
